%================================================================
%------------------------- Books --------------------------------
%================================================================
@book{hastie:2009:elements,
    author = {Hastie, Trevor and Tibshirani, Robert and Friedman, Jerome},
	title = {The {Elements} of {Statistical} {Learning}},
	copyright = {http://www.springer.com/tdm},
	isbn = {978-0-387-84857-0 978-0-387-84858-7},
	url = {http://link.springer.com/10.1007/978-0-387-84858-7},
	urldate = {2024-09-10},
	publisher = {Springer New York},
	year = {2009},
	doi = {10.1007/978-0-387-84858-7},
}


%================================================================
%------------------------- Articles -----------------------------
%================================================================
@article{pedregosa:2011:scikit_learn,
    author  = {Pedregosa, F. and Varoquaux, G. and Gramfort, A. and Michel, V. and Thirion, B. and Grisel, O. and Blondel, M. and Prettenhofer, P. and Weiss, R. and Dubourg, V. and Vanderplas, J. and Passos, A. and Cournapeau, D. and Brucher, M. and Perrot, M. and Duchesnay, E.},
    title   = {Scikit-learn: Machine Learning in {P}ython},
    journal = {Journal of Machine Learning Research},
    volume  = {12},
    pages   = {2825--2830},
    year    = {2011}
}

%================================================================
%------------------------- Web pages ----------------------------
%================================================================
@misc{hopkins:2024:brain_anatomy,
    author  = {Johns Hopkins},
    title   = {Brain Anatomy and How the Brain Works},
    url     = {https://www.hopkinsmedicine.org/health/conditions-and-diseases/anatomy-of-the-brain},
    date    = {2024-03-12}
}
@misc{britannica:2024:phineas_gage,
    author = {Shannon Gearhart},
    title = {Phineas Gage},
    publisher = {Britannica},
    editor = {The Editors of Encyclopaedia Britannica},
    url = {https://www.britannica.com/biography/Phineas-Gage},
    urldate = {2024-03-12}
}
@misc{2017:pytorch,
    author={Adam Paszke and Sam Gross and Soumith Chintala and Gregory Chanan and Edward Yang and Zachary DeVito and Zeming Lin and Alban Desmaison and Luca Antiga and Adam Lerer},
    title = {PyTorch Documentation},
    url = {https://pytorch.org/docs/stable/index.html},
    urldate = {2024-03-18}
}


%================================================================
%------------------------- Misc ---------------------------------
%================================================================
@misc{willumsen:2023:projects,
    author  = {Janita Willumsen},
    title   = {Exercises for week 37},
    note    = {Hand in from 2023}
}