%================================================================
%------------------------- Books --------------------------------
%================================================================
@book{hastie:2009:elements,
    author = {Hastie, Trevor and Tibshirani, Robert and Friedman, Jerome},
	title = {The {Elements} of {Statistical} {Learning}},
	copyright = {http://www.springer.com/tdm},
	isbn = {978-0-387-84857-0 978-0-387-84858-7},
	url = {http://link.springer.com/10.1007/978-0-387-84858-7},
	urldate = {2024-09-10},
	publisher = {Springer New York},
	year = {2009},
	doi = {10.1007/978-0-387-84858-7},
}

@book{Goodfellow:2016:deep_learning,
    title   = {Deep Learning},
    author  = {Ian Goodfellow and Yoshua Bengio and Aaron Courville},
    publisher = {MIT Press},
    url     = {http://www.deeplearningbook.org},
    year    = {2016}
}


@book{raschka:2022:ml_pytorch_scikit,
	title  = {Machine learning with {PyTorch} and {Scikit}-{Learn}: develop machine learning and deep learning models with {Python}},
	author = {Raschka, Sebastian and Liu, Yuxi and Mirjalili, Vahid and Dzhulgakov, Dmytro},
    publisher = {Packt},
	year   = {2022},
}


%================================================================
%------------------------- Articles -----------------------------
%================================================================
@article{pedregosa:2011:scikit_learn,
    author  = {Pedregosa, F. and Varoquaux, G. and Gramfort, A. and Michel, V. and Thirion, B. and Grisel, O. and Blondel, M. and Prettenhofer, P. and Weiss, R. and Dubourg, V. and Vanderplas, J. and Passos, A. and Cournapeau, D. and Brucher, M. and Perrot, M. and Duchesnay, E.},
    title   = {Scikit-learn: Machine Learning in {P}ython},
    journal = {Journal of Machine Learning Research},
    volume  = {12},
    pages   = {2825--2830},
    year    = {2011}
}

%================================================================
%------------------------- Web pages ----------------------------
%================================================================
@misc{hopkins:2024:brain_anatomy,
    author  = {Johns Hopkins},
    title   = {Brain Anatomy and How the Brain Works},
    url     = {https://www.hopkinsmedicine.org/health/conditions-and-diseases/anatomy-of-the-brain},
    date    = {2024-03-12}
}
@misc{britannica:2024:phineas_gage,
    author = {Shannon Gearhart},
    title = {Phineas Gage},
    publisher = {Britannica},
    editor = {The Editors of Encyclopaedia Britannica},
    url = {https://www.britannica.com/biography/Phineas-Gage},
    urldate = {2024-03-12}
}
@misc{2017:pytorch,
    author={Adam Paszke and Sam Gross and Soumith Chintala and Gregory Chanan and Edward Yang and Zachary DeVito and Zeming Lin and Alban Desmaison and Luca Antiga and Adam Lerer},
    title = {PyTorch Documentation},
    howpublished = {\url{https://pytorch.org/docs/stable/index.html}},
    note = {Accessed: 2024-03-18}
}

@misc{forbes:2023:machine_learning,
    author = {Richard Ambadipudi},
    title = {How Machine Learning Will Transform Your Industry},
    howpublished = {\url{https://www.forbes.com/councils/forbestechcouncil/2023/02/27/how-machine-learning-will-transform-your-industry/}},
    note = {Accessed: 2024-09-23}
}

@misc{usgov:2024:earthexplorer,
    key = {U.S. Department of the Interior},
    howpublished = {\url{https://earthexplorer.usgs.gov}},
    note = {Accessed: 2024-09-27}
}

@misc{opengeohub:2020:eu_terrain,
    author = {OpenDataScience},
    title = {Building Continental Europe Digital Terrain Model at 30 m resolution using Machine Learning},
    howpublished = {\url{https://opendatascience.eu/tag/terrain-data/}},
    note = {Accessed: 2024-10-04}
}


@article{supriya:2015:regression_analysis,
	title = {Regression {Analysis} of {Annual} {Maximum} {Daily} {Rainfall} and {Stream} {Flow} for {Flood} {Forecasting} in {Vellar} {River} {Basin}},
	volume = {4},
	issn = {2214241X},
	url = {https://linkinghub.elsevier.com/retrieve/pii/S2214241X15001212},
	doi = {10.1016/j.aqpro.2015.02.120},
	language = {en},
	urldate = {2024-10-04},
	journal = {Aquatic Procedia},
	author = {Supriya, P. and Krishnaveni, M. and Subbulakshmi, M.},
	year = {2015},
	pages = {957--963},
}


@misc{un:2024:climate_change,
    author = {United Nations},
    title = {Causes and Effects of Climate Change},
    howpublished = {\url{https://www.un.org/en/climatechange/science/causes-effects-climate-change}},
    note = {Accessed: 2024-10-04}
}

%================================================================
%------------------------- Misc ---------------------------------
%================================================================
@misc{willumsen:2023:projects,
    author  = {Janita Willumsen},
    title   = {Exercises for week 37},
    note    = {Hand in from 2023}
}