@online{PSU,
	author = {Eberly College of Science},
	title = {{Bootstrapping Methods}},
	howpublished = {\url{https://online.stat.psu.edu/stat500/lesson/11/11.2/11.2.1}},
	urldate = {2023-09-20}
}

@book{MatStat,
  author = {Jay L. Devore and Kenneth N. Berk and Matthew A. Carlton},
  year = {2021},
  title = {Modern Mathematical Statistics with Applications},
  publisher = {Springer Cham},
  edition = {3}
}

@article{MLBiasVar,
  title={Reconciling modern machine-learning practice and the classical bias-variance trade-off},
  author={Mikhail Belkin and Daniel Hsu and Siyuan Ma and Soumik Mandal},
  journal={Proceedings of the National Academy of Sciences},
  volume={116},
  number={32},
  pages={15849--15854},
  year={2019}
}